@Article{Blacketal2010,
  title = {{Small Family, Smart Family?  Family Size and the IQ Scores of Young Men}},
  author = {Black, Sandra E. and Devereux, Paul J. and Salvanes, Kjell G.},
  journal = {Journal of Human Resources},
  volume = {45},
  number = {1},
  pages = {33-58},
  year = {2010}
}
				   
@Article{Grawe2008,
  title = {{The quality--quantity trade-off in fertility across parent earnings levels: a test for credit market failure}},
  author = {Nathan D. Grawe},
  journal = {Review of Economics of the Household},
  volume = {6},
  number = {1},
  pages = {29-45},
  year = {2008}
}

@Article{Thorndike1905,
  author={Edward L. Thorndike},
  title={{Measurement of Twins}},
  journal={The Journal of Philosophy, Psychology and Scientific Methods},
  year=1905,
  volume={2},
  number={2},
  pages={547-553},
  month={Sep}
}		

@article{Akreshetal2012,
Author = {Akresh, Richard and Bhalotra, Sonia and Leone, Marinella and Osili, Una Okonkwo},
Title = {{War and Stature: Growing Up during the Nigerian Civil War}},
Journal = {American Economic Review},
Volume = {102},
Number = {3},
Year = {2012},
Month = {May},
Pages = {273-77}
}

@Article{Beckeretal2010,
  year={2010},
  journal={Journal of Economic Growth},
  volume={15},
  number={3},
  title={{The Trade-off Between Fertility and Education: Evidence From Before The Demographic Transition}},
  author={Becker, Sascha O. and Cinnirella, Francesco and Woessmann, Ludger},
  pages={177-204}
}

@Article{Bougmaetal2015,
  year={2015},
  journal={Demography},
  volume={52},
  number={1},
  title={{Fertility Decline and Child Schooling in Urban Settings of Burkina Faso}},
  author={Bougma, Moussa and LeGrand, Thomas K. and Kobian{\'e}, Jean-François},
  pages={281-313}
}

@Article{PonczekSouza2012,
  author={Vladimir Ponczek and Andr{\'e} Portela Souza},
  title={{New Evidence of the Causal Effect of Family Size on Child Quality in a Developing Country}},
  journal={Journal of Human Resources},
  year=2012,
  volume={47},
  number={1},
  pages={64-106},
}

@article{AslundGronqvist2010,
Author = {Olof {\AA}slund and Hans Gr{\"o}nqvist},
Title = {{Family size and child outcomes: Is there really no trade-off?}},
Journal = {Labour Economics},
Volume = {17},
Number = {1},
Year = {2010},
Pages = {130-39}
}

@article{Ashrafetal2014,
Author = {Ashraf, Nava and Erica Field and Jean Lee},
Title = {{Household Bargaining and Excess Fertility: An Experimental Study in Zambia}},
Journal = {American Economic Review},
Volume = {104},
Number = {7},
Year = {2014},
Pages = {2210-37}
}

@article{Brinchetal2016,
Author = {C. Brinch and M. Mogstad and M. Wiswall},
Title = {{Beyond LATE with a Discrete Instrument}},
Journal = {Journal of Political Economy},
Volume = {xx},
Number = {x},
Year = {Forthcoming},
Pages = {xxx-xxx}
}

@article{MogstadWiswall2016,
Author = {M. Mogstad and M. Wiswall},
Title = {{Testing the Quantity-Quality Model of Fertility: Linearity, Marginal Effects, and Total Effects}},
Journal = {Quantitative Economics},
Volume = {7},
Number = {1},
Year = {2016},
Pages = {157--192}
}    
        
@article{Myrskylaetal2009,
author={Mikko Myrskyl{\"a} and Hans-Peter Kohler and Francesco C. Billari},
title={{Advances in development reverse fertility declines}},
journal = {Nature},
volume = {460},
issue = {7256},
pages = {741-743},
year = 2009
}

@article {Fortetal2016,
author = {Fort, Margherita and Schneeweis, Nicole and Winter-Ebmer, Rudolf},
title = {{Is Education Always Reducing Fertility? Evidence from Compulsory Schooling Reforms}},
journal = {The Economic Journal},
issn = {1468-0297},
doi = {10.1111/ecoj.12394},
pages = {n/a--n/a},
keywords = {Education, Fertility, Causal effects},
year = {2016},
}

@article {Moav2005,
author = {Omer Moav},
title = {{Cheap Children and the Persistence of Poverty}},
journal = {The Economic Journal},
volume = {115},
number = {500}, 
pages = {88-110},
year = {2005},
}

@Article {DalgaardStrulik2015,
author = {Dalgaard, Carl-Johan and Strulik, Holger},
title = {{Physiology and Development: Why the West is Taller than the Rest}},
journal = {The Economic Journal},
doi = {10.1111/ecoj.12275},
pages = {n/a--n/a},
year = {2015},
}

@article{Warrenetal2014,
author = {Warren, John Robert and Hoffman, Emily and Andrew, Megan}, 
title = {Patterns and Trends in Grade Retention Rates in the United States, 1995–2010},
volume = {43}, 
number = {9}, 
pages = {433-443}, 
year = {2014}, 
journal = {Educational Researcher} 
}


@TechReport{Deheijaetal2015,
  title = {{From Local to Global: External Validity in a Fertility Natural Experiment}},
  author = {Rajeev Deheija and Cristian Pop-Eleches and Cyrus Samii},
  type = {Mimeo},
  institution = {Available for download at http://users.nber.org/{$\sim$}rdehejia/papers/dehejia\_pop-eleches\_samii.pdf}, 
  year = {2015}
}

@Article{Willis1973,
   title = {{A New Approach to the Economic Theory of Fertility Behavior}},
   author = {Willis, Robert J.},
   journal = {Journal of Political Economy},
   volume = {81},
   number = {2},
   pages = {S14-S64},
   year = {1973}
}

@Article{DeTray1973,
  author = "Dennis N. {De Tray}",
  title = "Child Quality and the Demand for Children",
  journal = "Journal of Political Economy",
  year = 1973,
  volume = "81",
  number = "2",
  pages = "S70--95",
  month = "March"
}

@TechReport{QuintanaRodenas2014,
  author={Climent Quintana-Domeque and Pedro R{\'o}denas-Serrano},
  title={{Terrorism and Human Capital at Birth: Bomb Casualties and Birth Outcomes in Spain}},
  year=2014,
  month={Nov},
  institution={Institute for the Study of Labor (IZA)},
  type={IZA Discussion Papers},
  number={8671}
}

@TechReport{ArgysAverett2015,
  author={Laura M. Argys and Susan L. Averett},
  title={{The Effect of Family Size on Education: New Evidence from China's One Child Policy}},
  year=2015,
  month=Aug,
  institution={Institute for the Study of Labor (IZA)},
  type={IZA Discussion Papers},
  number={9196}
}

@TechReport{BhalotraVenkataramani2014,
  author={Sonia Bhalotra and Atheendar Venkataramani},
  title={{Shadows of the Captain of the Men of Death: Early Life Health Interventions, Human Capital Investments, and Institutions}},
  year=2014,
  institution={University of Essex},
  type={Mimeo}
}

@TechReport{AizerCunha2012,
  author={Anna Aizer and Fl\'avio Cunha},
  title={{The Production of Human Capital: Endowments, Investments and Fertility}},
  year=2012,
  month=Sep,
  institution={National Bureau of Economic Research, Inc},
  type={NBER Working Papers},
  number={18429}
}

@Article{BleakleyLange2009,
  author={Hoyt Bleakley and Fabian Lange},
  title={{Chronic Disease Burden and the Interaction of Education, Fertility, and Growth}},
  journal={The Review of Economics and Statistics},
  year=2009,
  volume={91},
  number={1},
  pages={52-65},
  month={February}
}

@Article{Jayachandranetal2010,
  author={Seema Jayachandran and Adriana Lleras-Muney and Kimberly V Smith},
  title={{Modern Medicine and the 20th-Century Decline in Mortality: Evidence on the Impact of Sulfa Drugs}},
  journal={American Economic Journal: Applied Economics},
  year=2010,
  volume={2},
  number={2},
  pages={118-46}
}

@InCollection{Becker1960,
  author={Gary S. Becker},
  title={{An Economic Analysis of Fertility}},
  booktitle={{Demographic and Economic Change in Developed Countries}},
  publisher={National Bureau of Economic Research, Inc},
  year=1960,
  month={June},
  volume={},
  number={},
  series={NBER Chapters},
  edition={},
  chapter={},
  pages={209-240},
  keywords={}
}

@Article{BhalotraRawlings2013,
  author={Sonia Bhalotra and Samantha Rawlings},
  title={{Gradients of the Intergenerational Transmission of Health in Developing Countries}},
  journal={The Review of Economics and Statistics},
  year=2013,
  volume={95},
  number={2},
  pages={660-672},
  month={May}
}

@Article{AlmondMazumder2013,
  author={Douglas Almond and Bhashkar Mazumder},
  title={{Fetal Origins and Parental Responses}},
  journal={Annual Review of Economics},
  year=2013,
  volume={5},
  number={1},
  pages={37-56},
  month={05}}


@TechReport{Almondetal2011,
  author={Douglas Almond and Bhashkar Mazumder and Reyn van Ewijk},
  title={{Fasting During Pregnancy and Children's Academic Performance}},
  year=2011,
  month=Dec,
  institution={National Bureau of Economic Research, Inc},
  type={NBER Working Papers},
  number={17713}
}

@Misc{Clarke2014,
  author={Damian Clarke},
  title={{PLAUSEXOG: Stata module to implement Conley et al's plausibly exogenous bounds}},
  year=2014,
  month=May,
  howpublished={Statistical Software Components, Boston College Department of Economics},
}
        
    
@TechReport{BhalotraClarke2016,
  author={Sonia Bhalotra and Damian Clarke},
  title={Twinning and Maternal Condition},
  year=2016,
  type={Mimeo}
}

@TechReport{Clarke2016,
  author={Damian Clarke},
  title={Fertility and Causality},
  year=2016,
  type={Mimeo},
  institution={Available at \url{https://sites.google.com/site/damiancclarke/research/fertilityCausality.pdf}}  
}

@TechReport{MazumderSeeskin2014,
  author={Bhashkar Mazumder and Zach Seeskin},
  title={Skipping Breakfast and the Sex Ratio at Birth},
  year=2014,
  type={Mimeo}
}

@TechReport{Blacketal2014,
  author={Sandra Black and Paul J. Devereux and Kjell Salvanes},
  title={{Does grief transfer across generations? In-utero deaths and child outcomes}},
  year=2014,
  month=Mar,
  institution={National Bureau of Economic Research, Inc},
  type={NBER Working Papers},
  number={19979}
}

@TechReport{Aldermanetal2011,
  author={Harold Alderman and Michael Lokshin and Sergiy Radyakin},
  title={Tall Claims: Mortality Selection and the Height of Children},
  year=2011,
  month={Oct},
  institution={The World Bank},
  type={Policy Research Working Paper},
  number={5846}
}

@TechReport{Braakman2014,
  author={Braakmann, Nils and Wildman, John},
  title={{Fertility treatments and the use of twin births as an instrument for fertility}},
  year=2014,
  month=Mar,
  institution={University Library of Munich, Germany},
  type={MPRA Paper},
  number={54106},
  keywords={Twin birth instrument; quantity-quality-tradeoff; labour supply; fertility}
}

@Article{NevoRosen2012,
  author={Aviv Nevo and Adam M. Rosen},
  title={{Identification with Imperfect Instruments}},
  journal={The Review of Economics and Statistics},
  year=2012,
  volume={94},
  number={3},
  pages={659-671},
  month={August}
}

@Article{Conleyetal2012,
  author={Timothy G. Conley and Christian B. Hansen and Peter E. Rossi},
  title={{Plausibly Exogenous}},
  journal={The Review of Economics and Statistics},
  year=2012,
  volume={94},
  number={1},
  pages={260-272},
  month={February}
}

@Article{BronarsGrogger1994,
  author={Stephen G. Bronars and Jeff Grogger},
  title={The Economic Consequences of Unwed Motherhood: Using Twin Births as a Natural Experiment},
  journal={The American Economic Review},
  year=1994,
  volume={84},
  number={5},
  pages={1141-1156}
}

@Article{GalorWeil2000,
  author={Oded Galor and David N. Weil},
  title={{Population, Technology, and Growth: From Malthusian Stagnation to the Demographic Transition and Beyond}},
  journal={The American Economic Review},
  year=2000,
  volume={90},
  number={4},
  pages={806-828}
}

@Article{Lietal2003,
  author={Z. Li and J. Gindler and H. Wang},
  title={Folic acid supplements during early pregnancy and likelihood of multiple births: a population-based cohort study},
  journal={The Lancet},
  year=2003,
  volume={361},
  pages={380-84},
  keys={}
}

@Article{Hall2003,
  author={Judith G. Hall},
  title={Twinning},
  journal={The Lancet},
  year=2003,
  volume={362},
  number={6736},
  pages={735-43},
  month={August},
  keys={}
}

@Article{BoundSolon1999,
  author={Bound, John and Solon, Gary},
  title={Double trouble: on the value of twins-based estimation of the return to schooling},
  journal={Economics of Education Review},
  year=1999,
  volume={18},
  number={2},
  pages={169-182},
  month={April},
  keys={}
}

@Article{Griliches1979,
  author={Griliches, Zvi},
  title={Sibling Models and Data in Economics: Beginnings of a Survey},
  journal={Journal of Political Economy},
  year=1979,
  volume={87},
  number={5},
  pages={S37-64},
  month={October},
  keys={Classics; Twins}
}

@Article{AshenfelterKrueger1994,
  author={Ashenfelter, Orley and Krueger, Alan B},
  title={Estimates of the Economic Returns to Schooling from a New Sample of Twins},
  journal={American Economic Review},
  year=1994,
  volume={84},
  number={5},
  pages={1157-73},
  month={December},
  keyws={Twins; Education; Returns to Schooling}
}

@Article{RosenzweigWolpin1980,
  author={Rosenzweig, Mark R and Wolpin, Kenneth I},
  title={Testing the Quantity-Quality Fertility Model: The Use of Twins as a Natural Experiment},
  journal={Econometrica},
  year=1980,
  volume={48},
  number={1},
  pages={227-40},
  month={January},
  keys={Quantity-Quality trade off; Twins; Q-Q}
}

@Article{Behrmanetal1994,
  author={Behrman, Jere R and Rosenzweig, Mark R and Taubman, Paul},
  title={Endowments and the Allocation of Schooling in the Family and in the Marriage Market: The Twins Experiment},
  journal={Journal of Political Economy},
  year=1994,
  volume={102},
  number={6},
  pages={1131-74},
  month={December},
  keys={Twins; }
}

@Article{BehrmanRosenzweig1999,
  author={Behrman, Jere R. and Rosenzweig, Mark R.},
  title={Ability biases in schooling returns and twins: a test and new estimates},
  journal={Economics of Education Review},
  year=1999,
  volume={18},
  number={2},
  pages={159-167},
  month={April},
  keys={Twins; Returns to Schooling}
}

@Article{RosenzweigZhang2009,
  author={Mark R. Rosenzweig and Junsen Zhang},
  title={Do Population Control Policies Induce More Human Capital Investment? Twins, Birth Weight and {C}hina's One-Child Policy},
  journal={Review of Economic Studies},
  year=2009,
  volume={76},
  number={3},
  pages={1149-1174},
  month={07},
  keys={human capital; Birthweight; Twins; Population Control; Q-Q}
}

@Article{Lee2009,
  author={David S. Lee},
  title={Training, Wages, and Sample Selection: Estimating Sharp Bounds on Treatment Effects},
  journal={Review of Economic Studies},
  year=2009,
  volume={76},
  number={3},
  pages={1071-1102},
  month={07}
}

@Article{Bonjour2003,
  author={Dorothe Bonjour and Lynn F. Cherkas and Jonathan E. Haskel and Denise D. Hawkes and Tim D Spector},
  title={Returns to Education: Evidence from U.K. Twins},
  journal={American Economic Review},
  year=2003,
  volume={93},
  number={5},
  pages={1799-1812},
  month={December},
  keywords={Twins; returns to schooling}
}

@Article{Neumark1999,
  author={Neumark, David},
  title={Biases in twin estimates of the return to schooling},
  journal={Economics of Education Review},
  year=1999,
  volume={18},
  number={2},
  pages={143-148},
  month={April},
  keys={Twins; Returns to schooling}
}

@Article{AngristEvans1998,
  author={Angrist, Joshua D and Evans, William N},
  title={Children and Their Parents' Labor Supply: Evidence from Exogenous Variation in Family Size},
  journal={American Economic Review},
  year=1998,
  volume={88},
  number={3},
  pages={450-77},
  month={June},
  keys={Q-Q; }
}

@article{Angristetal2010,
     title = {Multiple Experiments for the Causal Link between the Quantity and Quality of Children},
     author = {Angrist, Joshua  and Lavy, Victor  and Schlosser, Analia },
     journal = {Journal of Labor Economics},
     volume = {28},
     number = {4},
     pages = {pp. 773-824},
     language = {English},
     year = {2010},
     keys = {Q-Q}
 }

@article{Gelbach2016,
     title = {{When do Covariates Matter?  And Which Ones, And How Much?}},
     author = {Jonah B. Gelbach},
     journal = {Journal of Labor Economics},
     volume = {34},
     number = {2},
     pages = {509-543},
     year = {2016}
 }

@Article{Caceres2006,
  author="Julio C{\'a}ceres-Delpiano",
  title={The Impacts of Family Size on Investment in Child Quality},
  journal={Journal of Human Resources},
  year=2006,
  volume={41},
  number={4},
  pages={738--754},
  month={},
  keys={Q-Q}
}

@Article{Hanushek1992,
  author={Hanushek, Eric A},
  title={The Trade-Off between Child Quantity and Quality},
  journal={Journal of Political Economy},
  year=1992,
  volume={100},
  number={1},
  pages={84-117},
  month={February},
  keys={Q-Q}
}

@article{Blacketal2005,
 author = {Black, Sandra E. and Devereux, Paul J. and Salvanes, Kjell G.}, 
 title = {The More the Merrier? The Effect of Family Size and Birth Order on Children's Education}, 
 volume = {120}, 
 number = {2}, 
 pages = {669-700}, 
 year = {2005}, 
 journal = {The Quarterly Journal of Economics},
 keys = {Q-Q}
}

@Article{Beckeretal1990,
  author={Becker, Gary S and Murphy, Kevin M and Tamura, Robert},
  title={{Human Capital, Fertility, and Economic Growth}},
  journal={Journal of Political Economy},
  year=1990,
  volume={98},
  number={5},
  pages={S12-37},
  month={October},
}
			

@article{Barro1991,
 author = {Robert J. Barro},
 title = {{Economic Growth in a Cross Section of Countries}},
 volume = {106}, 
 number = {2}, 
 pages = {407-443}, 
 year = {1991}, 
 journal = {The Quarterly Journal of Economics},
 keys = {Q-Q}
}

 @article{RosenzweigWolpin1980b,
     title = {Life-Cycle Labor Supply and Fertility: Causal Inferences from Household Models},
     author = {Rosenzweig, Mark R. and Wolpin, Kenneth I.},
     journal = {Journal of Political Economy},
     volume = {88},
     number = {2},
     pages = {pp. 328-348},
     year = {1980},
    keys = {}
  }

@Article{Lee2008,
  author={Jungmin Lee},
  title={Sibling size and investment in children’s education: an {A}sian instrument},
  journal={Journal of Population Economics},
  year=2008,
  volume={21},
  number={4},
  pages={855-875},
  month={October},
  keywords={Fertility; Education; Child quality; Q-Q}
}

@article{ConleyGlauber2006,
     title = {Parental Educational Investment and Children's Academic Risk: Estimates of the Impact of Sibship Size and Birth Order from Exogenous Variation in Fertility},
     author = {Dalton Conley and Glauber, Rebecca},
     journal = {The Journal of Human Resources},
     volume = {41},
     number = {4},
     pages = {pp. 722-737},
     year = {2006},
     keys = {Q-Q; education; fertility}
}

@TechReport{Qian2009,
  author={Nancy Qian},
  title={Quantity-Quality and the One Child Policy: The Only-Child Disadvantage in School Enrollment in Rural {C}hina},
  year=2009,
  month=May,
  institution={National Bureau of Economic Research, Inc},
  type={NBER Working Papers},
  number={14973},
  keys={Q-Q; fertility}
}

@Article{SouzaPonczek2012,
  author={Vladimir Ponczek and Andr{\'e} Portela Souza},
  title={New Evidence of the Causal Effect of Family Size on Child Quality in a Developing Country},
  journal={Journal of Human Resources},
  year=2012,
  volume={47},
  number={1},
  pages={64-106},
  month={},
  keywords={}
}

@Article{Jacobsenetal1999,
  author={Joyce P. Jacobsen and James Wishart Pearce III and Joshua L. Rosenbloom},
  title={The Effects of Childbearing on Married Women's Labor Supply and Earnings: Using Twin Births as a Natural Experiment},
  journal={Journal of Human Resources},
  year=1999,
  volume={34},
  number={3},
  pages={449-474},
  month={},
  keys={Female labour supply; twins; Q-Q}
}

@Article{Almondetal2005,
  author={Douglas Almond and Kenneth Y. Chay and David S. Lee},
  title={The Costs of Low Birth Weight},
  journal={The Quarterly Journal of Economics},
  year=2005,
  volume={120},
  number={3},
  pages={1031-1083},
  month={August},
  keys={birthweight; fertility; fetal origins; twins}
}

@Article{Altonjietal2005,
  author={Joseph G. Altonji and Todd E. Elder and Christopher R. Taber},
  title={Selection on Observed and Unobserved Variables: Assessing the Effectiveness of Catholic Schools},
  journal={Journal of Political Economy},
  year=2005,
  volume={113},
  number={1},
  pages={151-184},
  month={February},
  keys={observable unobservable bias; Schooling; Econometrics}
}

@Book{Malthus1798,
  author={Thomas Robert Malthus},
  title={An Essay on the Principle of Population},
  year=1798,
  publisher={J. Johnson},
 address={London},
  keys={Classics; Population; Development}
}

@Article{BeckerLewis1973,
  author={Becker, Gary S and Lewis, H Gregg},
  title={On the Interaction between the Quantity and Quality of Children},
  journal={Journal of Political Economy},
  year=1973,
  volume={81},
  number={2},
  pages={S279-88},
  month={Part II, },
  keys={Classics; Q-Q}
}

@Article{BeckerTomes1976,
  author={Becker, Gary S and Tomes, Nigel},
  title={Child Endowments and the Quantity and Quality of Children},
  journal={Journal of Political Economy},
  year=1976,
  volume={84},
  number={4},
  pages={S143-62},
  month={August},
  keys={classics; Q-Q}
}

@article{Desai1995,
  title = {When Are Children from Large Families Disadvantaged? Evidence from Cross-National Analyses},
  author = {Desai, Sonalde},
  journal = {Population Studies},
  volume = {49},
  number = {2},
  pages = {pp. 195-210},
  year = {1995}
}

@article{Altonjietal2008,
author={Joseph G. Altonji and Todd E. Elder and Christopher R. Taber},
Title = {Using Selection on Observed Variables to Assess Bias from Unobservables When Evaluating Swan-Ganz Catheterization},
Journal = {American Economic Review},
Volume = {98},
Number = {2},
Year = {2008},
Pages = {345-50},
keys = {Econometric methods; selection on unobservables}
}

@article{Shinagawaetal2005,
author={Shino Shinagawa and Shunji Suzuki and Hiromitsu Chihara and Yasuo Otsubo and Toshiyuki Takeshita and Tsutomu Araki},
Title = {Maternal Basal Metabolic Rate in Twin Pregnancy},
Journal = {Gynecologic and Obstetric Investigation},
Volume = {60},
Number = {3},
Year = {2005},
Pages = {145-48},
keys = {Medical studies; twins; BMR}
}

@article{Elwood1978,
author={J. M. Elwood},
Title = {Maternal and Environmental Factors Affecting Twin Births in {C}anadian Cities},
Journal = {British Journal of Obstetrics and Gynaecology},
Volume = {85},
Number = {5},
Year = {1978},
Pages = {351--58},
keys = {Medical studies; twins;}
}

 @INCOLLECTION{Philipson2008,
author={Elliot H. Philipson},
title={Nutrition in Multifetal Pregnancy},
booktitle={Handbook of Nutrition and Pregnancy},
year={2008},
eduitor={Carol J. Lammi-Keefe and Sarah C. Crouch and Elliot H. Philipson},
publisher={Humana Press},
address={New Jersey, USA},
key={Nutrition: twins; pregnancy}
}

@article{Clelandetal2006,
author={John Cleland and Stan Bernstein and Alex Ezeh and Anibal Faundes and Anna Glasier and Jolene Innis},
Title = {Family planning: the unfi nished agenda},
Journal = {The Lancet},
Volume = {368},
Number = {9549},
Year = {2006},
Pages = {1810--27},
keys = {Medical studies; family planning; pregnancy}
}

@article{Rush2000,
author={David Rush},
Title = {Nutrition and maternal mortality in the developing world},
Journal = {American Journal of Clinical Nutrition},
Volume = {72},
Number = {1},
Year = {2000},
Pages = {212--40},
keys = {Pregnancy; maternal mortality}
}

@Article{Sanhueza2009,
  author={Claudia Sanhueza},
  title={Tama{\~n}o de Familia y Orden de Nacimiento en {C}hile: Usando Gemelos como Experimento Natural},
  journal={Revista de Analisis Econ{\'o}mico – Economic Analysis Review},
  year=2009,
  volume={24},
  number={2},
  pages={133-152},
  month={Dec},
  keys={Birth order; family size; family fixed effects; twins; natural experiments.}
}

@article {Lietal2008,
   author = {Li, Hongbin and Zhang, Junsen and Zhu, Yi},
   title = {The quantity-Quality trade-Off of children In a developing country: Identification using {C}hinese twins},
   journal = {Demography},
   pages = {223-243},
   volume = {45},
   issue = {1},
   year = {2008}
}

@techreport{UN2010,
author ="{United Nations}",
title = {World Population Policies 2009},
institution = {Department of Economic and Social Affairs: Population Division},
year = 2010
}

@article{Beraletal1990,
author={V Beral and P Doyle and S L Tan and B A Mason and S Campbell},
Title = {Outcome of pregnancies resulting from assisted conception},
Journal = {British Medical Bulletin},
Volume = {46},
Number = {3},
Year = {1990},
Pages = {753-68},
keys = {Medical studies; twins; pregnancy; IMF}
}

@article{Kahnetal2003,
author={Kahn, Bronwen and Lumey, L. H. and Zybert, Patricia A. and Lorenz, John M. and Cleary-Goldman, Jane and D'Alton, Mary E. and Robinson, Julian N.},
Title = {Prospective Risk of Fetal Death in Singleton, Twin, and Triplet Gestations: Implications for Practice},
Journal = {Obstetrics \& Gynecology},
Volume = {102},
Number = {4},
Year = {2003},
Pages = {685-92},
keys = {Medical studies; twins; pregnancy; IMF}
}

@techreport{FitzsimonsMalde2010,
author = {Emla Fitzsimons and Bansi Malde},
title = {Empirically probing the quantity-quality model},
year = {2010},
month = {Sep},
type= {{IFS} {W}orking {P}apers {W}10/20},
institution={Institute for Fiscal Studies},
issn = {1742-0415}
}

@article{FitzsimonsMalde2014,
author = {Emla Fitzsimons and Bansi Malde},
title = {Empirically probing the quantity-quality model},
year = {2014},
month = {Jan},
Journal = {Journal of Population Economics},
Volume = {27},
Number = {1},
Pages = {33--68}
}

@techreport{BellowsMiguel2008,
author = {J. Bellows and E. Miguel},
title = {War and local collective action in {S}ierra {L}eone},
year = {2008},
type = {Mimeo},
institution = {Berkeley}
}

@article{Barker1995,
author={D J P Barker},
Title = {Fetal origins of coronary heart disease},
Journal = {BMJ},
Volume = {311},
Number = {6998},
Year = {1995},
Pages = {171-74},
keys = {Classics; Medical studies; pregnancy; fetus}
}
