@article{BronarsGrogger1994,
  author = {Stephen G. Bronars and Jeff Grogger},
  journal = {The American Economic Review},
  number = {5},
  pages = {1141-1156},
  publisher = {American Economic Association},
  title = {The Economic Consequences of Unwed Motherhood: Using Twin Births as a Natural Experiment},
  volume = {84},
  year = {1994}
}

@Book{Bulmer1970,
  author={M. G. Bulmer},
  title={{The Biology of Twinning in Man}},
  publisher={{Oxford Clarendon Press}},
  year={1970},
  address={Oxford, UK}
}

@Article{Boklage1990,
  author={C. E. Boklage},
  title={{Survival probability of human conceptions from fertilization to term}},
  journal={International Journal of Fertility},
  year={1990},
  volume={35},
  number={2},
  pages={79-94}
}

@Article{Akreshetal2012,
  author={Richard Akresh and Sonia Bhalotra and Marinella Leone and Una Osili},
  title={{War and Stature: Growing Up During the Nigerian Civil War}},
  journal={American Economic Review (Papers \& Proceedings)},
  year=2012,
  volume={102},
  number={3},
  pages={273-77}
}

@Article{Bozzolietal2009,
  author={Carlos Bozzoli and Angus Deaton and Climent Quintana-Domeque},
  title={{Adult height and childhood disease}},
  journal={Demography},
  year=2009,
  volume={46},
  number={4},
  pages={647-669},
  month={November}
}

@Article{CurrieMoretti2007,
  author={Janet Currie and Enrico Moretti},
  title={{Biology as Destiny? Short- and Long-Run Determinants of Intergenerational Transmission of Birth Weight}},
  journal={Journal of Labor Economics},
  year=2007,
  volume={25},
  number={2},
  pages={231-264}
}

    
@Article{Wangetal2010,
  author={Y Wang and X Wang and Y Kong and J H Zhang and Q Zeng},
  title={{The Great Chinese Famine leads to shorter and overweight females in Chongqing Chinese population after 50 years}},
  journal={Obesity},
  year=2010,
  volume={18},
  number={3},
  pages={588-592},
  month={Sep}
}
    
@Techreport{SerranoDomeque2014,
  author={Climent Quintana-Domeque and Pedro R{\'o}denas-Serrano},
  title={{Terrorism and Human Capital at Birth: Bomb Casualties and Birth Outcomes in Spain}},
  institution={IZA},
  year={2014},
  type={Discussion Paper},
  number={8671},
  month={November}
}


@Article{LlerasMuney2005,
  author={Andrea Lleras-Muney and Frank Lichtenberg},
  title={{The Effect Of Education On Medical Technology Adoption: Are The More Educated More Likely To Use New Drugs?}},
  journal={Annales d'Economie et Statistique},
  year=2005,
  volume={79/80}
}

@Article{Thorndike1905,
  author={Edward L. Thorndike},
  title={{Measurement of Twins}},
  journal={The Journal of Philosophy, Psychology and Scientific Methods},
  year=1905,
  volume={2},
  number={2},
  pages={547-553},
  month={Sep}
}

@Article{Kenkel1991,
  author={Donald S. Kenkel},
  title={{Health Behavior, Health Knowledge, and Schooling}},
  journal={Journal of Political Economy},
  year=1991,
  volume={99},
  number={2},
  pages={287-305}
}

@Article{CutlerLlerasMuney2010,
  author={Andrea Lleras-Muney and David Cutler},
  title={{Understanding Differences in Health behaviors by Education}},
  journal={Journal of Health Economics},
  year=2010,
  volume={29},
  number={1},
  pages={1-28}
}

@Article{LlerasMuneyGlied2008,
  author={Andrea Lleras-Muney and Sherry Glied},
  title={{Health Inequality, Education and Medical Innovation}},
  journal={Demography},
  year=2008,
  volume={45},
  number={3},
  pages={741-761}
}

@Article{Pollacketal2000,
  author={H Pollack and P M Lantz and J G Frohna},
  title={{Maternal smoking and adverse birth outcomes among singletons and twins}},
  journal={American Journal of Public Health},
  year=2000,
  volume={90},
  number={3},
  pages={395-400},
  month={Mar}
}

@Article{Deaton2007,
  author={Angus Deaton},
  title={{Height, health, and development}},
  journal={Proceedings of the National Academy of Sciences},
  year=2007,
  volume={104},
  number={33},
  pages={13232-13237},
  month={August}
}

@Article{AngristEvans1988,
  author={Angrist, Joshua D and Evans, William N},
  title={{Children and Their Parents' Labor Supply: Evidence from Exogenous Variation in Family Size}},
  journal={American Economic Review},
  year=1998,
  volume={88},
  number={3},
  pages={450-77},
  month={June}
}

@Article{Frettsetal1995,
  author={Ruth C. Fretts and Julie Schmittdiel and Frances H. McLean and Robert H. Usher and Marlene B. Goldman},
  title={{Increased Maternal Age and the Risk of Fetal Death}},
  journal={The New England Journal of Medicine},
  year=1995,
  volume = {333},
  number = {15},
  pages = {953-957},
  month={October}
}

@Article{Garciaetal2002,
  author={A Garc{\'i}a-Engu{\'i}danosa and M.E Calleb and J Valeroc and S Lunaa and V Dom{\'i}nguez-Roja},
  title={{Risk factors in miscarriage: a review}},
  journal={European Journal of Obstetrics \& Gynecology and Reproductive Biology},
  year=2002,
  volume={102},
  number={2},
  pages={111-119},
  month={May}
}

@Article{Silventoinen2003,
  author={K Silventoinen},
  title={{Determinants of variation in adult body height}},
  journal={Journal of Biosocial Science},
  year=2003,
  volume={35},
  number={2},
  pages={263-285},
  month={April}
}

@Article{Poldermanetal2015,
  author={Tinca J C Polderman and Beben Benyamin and de Leeux, Christiaan A and Patrick F Sullivan and van Bochoven,Arjen and Peter M Visscher and Danielle Posthuma},
  title={{Meta-analysis of the heritability of human traits based on fifty years of twin studies}},
  journal={Nature Genetics},
  year=2015,
  volume={47},
  number={7},
  pages={702-709},
  month={May}
}

@Article{Nisen2013,
  author={Jessica Nis{\'e}n and Pekka Martikainen and Jaakko Kaprio and Karri Silventoinen},
  title={{Educational Differences in Completed Fertility: A Behavioral Genetic Study of Finnish Male and Female Twins}},
  journal={Demography},
  year=2013,
  volume={50},
  number={4},
  pages={1399-1420},
  month={August}
}

@Article{Boomsmaetal2002,
  author={Dorret Boomsma and Andreas Busjahn and Leena Peltonen},
  title={{Classical Twin Studies and Beyond}},
  journal={Nature Reviews Genetics},
  year=2002,
  volume={3},
  number={11},
  pages={872-882},
  month={November}
}

@Article{Phillips1993,
  author={D I W Phillips},
  title={{Twin studies in medical research: Can they tell us whether diseases are genetically determined?}},
  journal={The Lancet},
  year=1993,
  volume={341},
  number={8851},
  pages={1008-1009},
  month={April}
}

@Article{Morrison2005,
  author={John Morrison},
  title={{Twin Gestation and Premature Birth}},
  journal={Journal of Perinatology},
  year=2005,
  volume={25},
  pages={1-3}
}

@Article{McClearnetal1997,
  author={G E McClearn and B Johansson and S Berg and N L Pederson and F Ahern and S A Petrill and R Plomin},
  title={{Substantial genetic influence on cognitive abilities in twins 80 or more years old}},
  journal={Science},
  year=1997,
  volume={276},
  number={5318},
  pages={1560-1563},
  month={June}
}

@Article{TriversWillard1973,
  author={R. L. Trivers and D. E Willard},
  title={{Natural selection of parental ability to vary the sex ratio of offspring}},
  journal={Science},
  year=1973,
  volume={179},
  number={4068},
  pages={90-92}
}

@Book{BouchardPropping1993,
  author={T J Bouchard and P Propping},
  title={{Twins as a Tool of Behavioural Genetics}},
  publisher={{John Wiley \& Sons}},
  year={1993},
  address={Chichester, United Kingdom}
}

@Article{RosenzweigWolpin1980,
  author={Rosenzweig, Mark R and Wolpin, Kenneth I},
  title={{Testing the Quantity-Quality Fertility Model: The Use of Twins as a Natural Experiment}},
  journal={Econometrica},
  year=1980,
  volume={48},
  number={1},
  pages={227-40},
  month={January}
}

@Article{WolpinRosenzweig2000,
  author={Kenneth I. Wolpin and Mark R. Rosenzweig},
  title={{Natural ``Natural Experiments'' in Economics}},
  journal={Journal of Economic Literature},
  year=2000,
  volume={38},
  number={4},
  pages={827-874},
  month={December}
}

@Article{Hall2003,
  author={Judith G Hall},
  title={{Twinning}},
  journal={The Lancet},
  year=2003,
  volume={362},
  number={9385},
  pages={735-743},
  month={August}
}

@Article{Hoekstraetal2008,
  author={Chantal Hoekstra and Zhen Zhen Zhao and Cornelius B. Lambalk and Gonneke Willemsen and Nicholas G. Martin and Dorret I. Boomsma and Grant W. Montgomery},
  title={{Dizygotic twinning}},
  journal={Human Reproduction Update},
  year=2008,
  volume={14},
  number={1},
  pages={37-47}
}

@Article{Shinagawaetal2005,
  author={S Shinagawa and S Suzuki and H Chihara and Y Otsubo and T Takeshita and T Araki},
  title={{Maternal basal metabolic rate in twin pregnancy}},
  journal={Gynecologic and Obstetric Investigation},
  year=2005,
  volume={60},
  number={3},
  pages={25-28},
  month={October}
}

@Article{Kahnetal2003,
  author={B Kahn and L H Lumey and P A Zybert and J M Lorenz and J Cleary-Goldman and M E D'Alton and J N Robinson},
  title={{Prospective risk of fetal death in singleton, twin, and triplet gestations: implications for practice}},
  journal={Obstetrics and Gynecology},
  year=2003,
  volume={102},
  number={4},
  pages={685-692},
  month={October}
}

@Article{Bernsteinetal2005,
  author={I. M. Bernstein and J. A. Mongeon and G. J. Badger and L Solomon and S. H. Heil and S. T. Higgins},
  title={{Maternal smoking and its association with birth weight}},
  journal={Obstetrics and Gynecology},
  year=2005,
  volume={106},
  number={5},
  pages={986-991}
}

@Article{BhalotraRawlings2013,
  author={Sonia Bhalotra and Samantha Rawlings},
  title={{Gradients of Intergenerational Transmission of Health in Developing Countries}},
  journal={The Review of Economics and Statistics},
  year=2013,
  volume={95},
  number={2},
  pages={660-672}
}

@Article{Vitthalaetal2009,
  author={S Vitthala and T A Gelbaya and D R Brison and C T Fitzgerald and L G Nardo},
  title={{The risk of monozygotic twins after assisted reproductive technology: a systematic review and meta-analysis}},
  journal={Human Reproduction Update},
  year=2009,
  volume={15},
  number={1},
  pages={45-55},
  month={Jan-Feb}
}

@Article{Recordetal1970,
  author={R G Record and T McKeown and J H Edwards},
  title={{An investigation of the difference in measured intelligence between twins and single births}},
  journal={Annals of Human Genetics},
  year=1970,
  volume={34},
  number={1},
  pages={11-20},
  month={July}
}

@Techreport{Martinetal2013,
  author={Martin, JA and Hamilton, BE and Osterman, MJK and Curtin, SC and Mathews, TJ},
  title={{Births: Final Data for 2013}},
  institution={National Center for Health Statistics},
  year={2013},
  type={{National vital statistics reports}},
  address={Hyattsville, MD}
}

@Techreport{EPC2003,
  author={{Swedish Center for Epidemiology}},
  title={{The Swedish Medical Birth Register -- A Summary of Content and Quality}},
  institution={The National Board of Health and Welfare},
  year={2003},
  type={{Research Report from EpC}},
  address={Sweden}
}
